@misc{aiglobalindex,
  title = {AI Global Index},
  author = {{Kaggle}},
  year = {2023},
  howpublished = {\url{https://www.kaggle.com/datasets/katerynameleshenko/ai-index}},
  note = {Accessed: 2023-04-26}
}

@book{navidi2004statistics,
  title={Statistics for Engineers and Scientists},
  author={Navidi, William},
  year={2004},
  publisher={McGraw-Hill}
}
